@inproceedings{Igehy:1999,
	author = {Igehy, Homan},
	title = {Tracing Ray Differentials},
	booktitle = {Proceedings of the 26th Annual Conference on Computer Graphics and Interactive Techniques},
	series = {SIGGRAPH '99},
	year = {1999},
	isbn = {0-201-48560-5},
	pages = {179--186},
	numpages = {8},
	url = {http://dx.doi.org/10.1145/311535.311555},
	doi = {10.1145/311535.311555},
	acmid = {311555},
	publisher = {ACM Press/Addison-Wesley Publishing Co.},
	address = {New York, NY, USA},
} 

@Inbook{Osher:2003,
	author="Osher, Stanley
	and Fedkiw, Ronald",
	title="Implicit Functions",
	bookTitle="Level Set Methods and Dynamic Implicit Surfaces",
	year="2003",
	publisher="Springer New York",
	address="New York, NY",
	pages="3--16",
	isbn="978-0-387-22746-7",
	doi="10.1007/0-387-22746-6_1",
	url="https://doi.org/10.1007/0-387-22746-6_1"
}

%Cubic Interpolation
@article{twigg:2003,
	title={Catmull-rom splines},
	author={Twigg, Christopher},
	journal={Computer},
	volume={41},
	number={6},
	pages={4--6},
	year={2003}
}

@article{weston:2002,
	title={An introduction to the mathematics and construction of splines},
	author={Weston, Stephen},
	journal={Addix software consultancy limited, Version},
	volume={1},
	year={2002}
}

%SDF
@ARTICLE{jones:2006, 
	author={M. W. Jones and J. A. Baerentzen and M. Sramek}, 
	journal={IEEE Transactions on Visualization and Computer Graphics}, 
	title={3D distance fields: a survey of techniques and applications}, 
	year={2006}, 
	volume={12}, 
	number={4}, 
	pages={581-599},
	doi={10.1109/TVCG.2006.56}, 
	ISSN={1077-2626}, 
	month={July},}

@article{calakli:2011,
	author = {F. Calakli and G. Taubin},
	title = {SSD: Smooth Signed Distance Surface Reconstruction},
	journal = {Computer Graphics Forum},
	volume = {30},
	number = {7},
	pages = {1993-2002},
	doi = {10.1111/j.1467-8659.2011.02058.x},
	url = {https://onlinelibrary.wiley.com/doi/abs/10.1111/j.1467-8659.2011.02058.x}
}

@inproceedings{williams:1983,
	author = {Williams, Lance},
	title = {Pyramidal Parametrics},
	booktitle = {Proceedings of the 10th Annual Conference on Computer Graphics and Interactive Techniques},
	series = {SIGGRAPH '83},
	year = {1983},
	isbn = {0-89791-109-1},
	location = {Detroit, Michigan, USA},
	pages = {1--11},
	numpages = {11},
	url = {http://doi.acm.org.eaccess.ub.tum.de/10.1145/800059.801126},
	doi = {10.1145/800059.801126},
	acmid = {801126},
	publisher = {ACM},
	address = {New York, NY, USA}
} 

@book{gower:2010,
	title={Hessian matrices via automatic differentiation},
	author={Gower, Robert Mansel and Mello, Margarida P},
	year={2010},
	publisher={Universidade Estadual de Campinas, Instituto de Matem{\'a}tica, Estat{\'\i}stica e Computa{\c{c}}{\~a}o Cient{\'\i}fica}
}